@WWW-MISC(Kha15,
 AUTHOR       = "Simon Khalaf",
 TITLE        = "Seven Years Into The Mobile Revolution: Content is King… Again",
 URL          = "https://yahoodevelopers.tumblr.com/post/127636051988/seven-years-into-the-mobile-revolution-content-is",
 YEAR         =  2015,
 TYPE        = "Yahoo developer network",
 VALID        =  "26.8.2015")
  
@WWW-MISC(Rus15,
 AUTHOR       = "Alex Russell",
 TITLE        = "Progressive Web Apps: Escaping Tabs Without Losing Our Soul",
 URL          = "https://medium.com/@slightlylate/progressive-apps-escaping-tabs-without-losing-our-soul-3b93a8561955",
 YEAR         =  2015,
 TYPE        = "Medium sosiaalinen julkaisualusta",
 VALID        =  "10.8.2015")
  
@WWW-MISC(Kap18,
 AUTHOR       = "Shruti Kapoor",
 TITLE        = "Progressive Web Apps 101: the What, Why and How",
 URL          = "https://medium.freecodecamp.org/progressive-web-apps-101-the-what-why-and-how-4aa5e9065ac2",
 YEAR         =  2018,
 TYPE        = "Medium sosiaalinen julkaisualusta",
 VALID        =  "20.7.2018")
  
@WWW-MISC(Eis18,
 AUTHOR       = "Liz Eisworth",
 TITLE        = "Progressive Web Apps 101: the What, Why and How",
 URL          = "https://www.sangfroidwebdesign.com/search-engine-optimization-seo/google-https-ranking/",
 YEAR         =  2018,
 TYPE        = "Atlantalainen mediatalo",
 VALID        =  "28.3.2018")
 
 @WWW-MISC(San18,
  AUTHOR       = "Muriel Santoni",
  TITLE        = "Progressive Web Apps : Feature compatibility based on the browser",
  URL          = "https://www.goodbarber.com/blog/progressive-web-apps-feature-compatibility-based-on-the-browser-a883/",
  YEAR         =  2018,
  TYPE        = "Sovellustyökalu",
  VALID        =  "10.1.2018")
  
 @WWW-MISC(Yan18,
  AUTHOR       = "Yanzi",
  TITLE        = "Sensors and Gateways",
  URL          = "https://www.yanzi.se/solution/",
  YEAR         =  2018,
  TYPE        = "Yanzin networksin kotisivu",
  VALID        =  "2018")
 
@TECHREPORT(Gam18,
 AUTHOR      = "Abhi Gambhir, Gaurav Raj",
 TITLE       = "Analysis of Cache in Service Worker and Performance Scoring of Progressive Web Application",
 YEAR        = 2018,
 TYPE        = "Konferenssi",
 VALID       = "22-23 June 2018",
 URL          = "https://ieeexplore.ieee.org/document/8441715",
 ADDRESS     = "Paris, France")

@WWW-MISC(Moz18,
 AUTHOR       = "Mozilla",
 TITLE        = "Web App Manifest",
 URL          = "https://developer.mozilla.org/en-US/docs/Web/Manifest",
 YEAR         =  2018,
 TYPE        = "Mozilla Developer Docs",
 VALID        =  "2018")
 
@WWW-MISC(Pön08,
 AUTHOR       = "Harto Pönkä",
 TITLE        = "Design-tutkimus",
 URL          = "https://www.slideshare.net/hponka/designtutkimus",
 YEAR         =  2008,
 TYPE        = "Slideshow",
 VALID        =  "2018")
 
@WWW-MISC(Goo18,
 AUTHOR       = "Google Developers",
 TITLE        = "Progressive Web App Checklist",
 URL          = "https://developers.google.com/web/progressive-web-apps/checklist",
 YEAR         = "24 July 2018",
 TYPE         = "Technical documentation",
 VALID        =  "2018") 
 
 